@book{buss98,
   title = "Handbook of proof theory",
   editor = "Buss, Samuel R.",
   series = "Studies in logic and the foundations of mathematics",
   publisher = "Elsevier",
   address = "Amsterdam",
   url = "http://opac.inria.fr/record=b1080935",
   isbn = "0-444-89840-9",
   year = 1998
}

